<?xml version="1.0" encoding="UTF-8"?><collection><record><leader>05270ntm a2200565 a 4500</leader><controlfield tag="001">006819137</controlfield><controlfield tag="003">MiAaHDL</controlfield><controlfield tag="005">20190719000000.0</controlfield><controlfield tag="006">m        d        </controlfield><controlfield tag="007">cr bn ---auaua</controlfield><controlfield tag="008">090616s1935    xx            00| ||ara d</controlfield><datafield tag="035" ind1=" " ind2=" "><subfield code="a">(MiU)006819137</subfield></datafield><datafield tag="035" ind1=" " ind2=" "><subfield code="a">sdr-miu006819137</subfield></datafield><datafield tag="040" ind1=" " ind2=" "><subfield code="a">MiU</subfield><subfield code="c">MiU</subfield><subfield code="e">amremm</subfield></datafield><datafield tag="043" ind1=" " ind2=" "><subfield code="a">n-us-mi</subfield></datafield><datafield tag="100" ind1="1" ind2=" "><subfield code="6">880-01</subfield><subfield code="a">Ṭūsī, Naṣīr al-Dīn Muḥammad ibn Muḥammad,</subfield><subfield code="d">1201-1274.</subfield></datafield><datafield tag="240" ind1="1" ind2="0"><subfield code="6">880-02</subfield><subfield code="a">Sharḥ al-Ishārāt wa-al-tanbīhāt.</subfield></datafield><datafield tag="245" ind1="1" ind2="0"><subfield code="6">880-03</subfield><subfield code="a">Kitāb Sharḥ al-Ishārāt,</subfield><subfield code="f">[1354, i.e. 1935].</subfield></datafield><datafield tag="246" ind1="3" ind2="8"><subfield code="a">شرح الاشارات</subfield></datafield><datafield tag="246" ind1="3" ind2=" "><subfield code="6">880-04</subfield><subfield code="i">Title from closing matter on p.481:</subfield><subfield code="a">حل مشكلات كتاب الاشارات والتنبيهات</subfield></datafield><datafield tag="260" ind1=" " ind2=" "><subfield code="c">[1935].</subfield></datafield><datafield tag="300" ind1=" " ind2=" "><subfield code="a">241 leaves :</subfield><subfield code="b">paper ;</subfield><subfield code="c">310 x 210 mm. bound to 321 x 220 mm.</subfield></datafield><datafield tag="500" ind1=" " ind2=" "><subfield code="a">Shelfmark: Ann Arbor, University of Michigan, Special Collections Library, Isl. Ms. 912</subfield></datafield><datafield tag="500" ind1=" " ind2=" "><subfield code="a">Origin: As appears in colophon on p.475, transcription prior to final naṣīḥah completed 25 Shaʻbān 1354, corresponding to 22 November 1935. As appears in colophon on margin of p.481, transcription through closing naṣīḥah completed 26 Shaʻbān 1354, corresponding to 23 November 1935. Likely bound for James Heyworth-Dunne (d.1974).</subfield></datafield><datafield tag="500" ind1=" " ind2=" "><subfield code="a">Former shelfmark: Mich. Isl. Ms. temp. no. 61</subfield></datafield><datafield tag="500" ind1=" " ind2=" "><subfield code="a">Binding: Boards covered in dark green cloth with dark green leather over spine (quarter binding) ; pastedowns and flyleaves in wove paper printed with a floral vegetal pattern in green ; spine gold-stamped with title and decorative accents over raised bands "شرح الاشارات | نصير الدين الطوسى | J.H.D." ; sewing difficult to examine ; stuck-on endbands (blue and white stripe) ; overall in fairly good condition with minor abrasion.</subfield></datafield><datafield tag="500" ind1=" " ind2=" "><subfield code="a">Support: Lined / ruled wove paper.</subfield></datafield><datafield tag="500" ind1=" " ind2=" "><subfield code="a">Script: Ruqʻah ; quick, modern hand in a bold line ; serifless and freely ligatured with mainly closed counters, effect of inclination to the right, pointing somewhat careless and in strokes rather than distinct dots.</subfield></datafield><datafield tag="500" ind1=" " ind2=" "><subfield code="a">Layout: Written in 25-26 lines per page.</subfield></datafield><datafield tag="500" ind1=" " ind2=" "><subfield code="a">Collation: Pagination in pencil, Western numerals, supplied during digitization.</subfield></datafield><datafield tag="500" ind1=" " ind2=" "><subfield code="a">Colophon: "Scribal," rectangular, reads "يقول الكاتب وليكن هذا اخر ما كتبناه من كتاب الاشارات وشرحه وقد كان هذا في ٢٥ من شعبان سنه ١٣٥٤ه الموافق ٢٢ من نوفمبر سنه ١٩٣٥م وحسبنا الله ونعم الوكيل نعم المولى ونعم النصير وصلى الله على سيدنا محمد وعلى اله وصحبه وسلم" and "رقم في ٢٦ شعبان ١٣٥٤ه يوم السبت المبارك الموافق ٢٣ نوفمبر ١٩٣٥م"</subfield></datafield><datafield tag="500" ind1=" " ind2=" "><subfield code="a">Explicit: "وهو الكفيل بعقاب الجناة والمجرمين والمتولي لحساب الخلائق اجمعين في كل صغير وكبير ... قال الشارح العلامة وهذا اخر فصول هذا الكتاب وما تيسر لي من حل مشكلات كتاب الاشارات والتنبيهات ... والله ولي السداد والرشاد ومنه المبتدا واليه المعاد"</subfield></datafield><datafield tag="500" ind1=" " ind2=" "><subfield code="a">Incipit: "هذا الكتاب هو شرح الاشارات لعمدة المحققين وزبدة المدققين المعروف بخوجه نصير الدين عليه رحمة رب العالمين قال الشيخ الرئيس المصنف هذه اشارات الى اصول وتنبيهات على جمل يستبصر بها من تيسرت له يسير لها ولا ينتفع بالاصرح منها من تعسرت عليه والتكلان على التوفيق ..."</subfield></datafield><datafield tag="500" ind1=" " ind2=" "><subfield code="a">Title supplied by cataloguer.</subfield></datafield><datafield tag="500" ind1=" " ind2=" "><subfield code="a">Ms. codex.</subfield></datafield><datafield tag="510" ind1="4" ind2=" "><subfield code="a">Brockelmann, C. GAL,</subfield><subfield code="c">I 434 ; S I 816</subfield></datafield><datafield tag="520" ind1="8" ind2=" "><subfield code="a">Careful copy of the commentary by Naṣīr al-Dīn al-Ṭūsī (d.1274) on Ibn Sīnā's (d.1037) al-Ishārāt wa-al-tanbīhāt.</subfield></datafield><datafield tag="538" ind1=" " ind2=" "><subfield code="a">Mode of access: Internet.</subfield></datafield><datafield tag="541" ind1=" " ind2=" "><subfield code="a">Acquired in the Fall of 1950.</subfield></datafield><datafield tag="546" ind1=" " ind2=" "><subfield code="a">Arabic.</subfield></datafield><datafield tag="561" ind1=" " ind2=" "><subfield code="a">On upper pastedown label with ex libris of James Heyworth-Dunne (d.1974), stamped with inventory number, "Ex Libris | J. Heyworth-Dunne | D. Lit. (London) | No 7952" ; UM Library inscription on p.3 "Dunning | Heyworth-Dunne | 6-13-51 | 71955" ; possible former inventory mark "231 /51" in pencil on verso of final leaf (p.482) ; marginal glosses in the hand of the copyist.</subfield></datafield><datafield tag="600" ind1="0" ind2="0"><subfield code="a">Avicenna,</subfield><subfield code="d">980-1037.</subfield><subfield code="t">Ishārāt wa-al-tanbīhāt.</subfield></datafield><datafield tag="650" ind1=" " ind2="0"><subfield code="a">Manuscripts, Arabic</subfield><subfield code="z">Michigan</subfield><subfield code="z">Ann Arbor.</subfield></datafield><datafield tag="650" ind1=" " ind2="0"><subfield code="a">Islamic philosophy</subfield><subfield code="v">Early works to 1800.</subfield></datafield><datafield tag="700" ind1="1" ind2=" "><subfield code="a">Heyworth-Dunne, J.</subfield><subfield code="q">(James),</subfield><subfield code="e">former owner.</subfield></datafield><datafield tag="773" ind1="0" ind2=" "><subfield code="a">Heyworth-Dunne Collection.</subfield></datafield><datafield tag="880" ind1="3" ind2=" "><subfield code="6">246-04/</subfield><subfield code="a">Ḥall mushkilāt Kitāb al-Ishārāt wa-al-tanbīhāt</subfield></datafield><datafield tag="880" ind1="1" ind2="0"><subfield code="6">245-03/</subfield><subfield code="a">كتاب شرح الاشارات,</subfield><subfield code="f">[1354ه، 1935م.]</subfield></datafield><datafield tag="880" ind1="1" ind2="0"><subfield code="6">240-02/</subfield><subfield code="a">شرح الاشارات والتنبيهات</subfield></datafield><datafield tag="880" ind1="1" ind2=" "><subfield code="6">100-01/</subfield><subfield code="a">طوسي، نصير الدين محمد بن محمد.</subfield></datafield><datafield tag="CID" ind1=" " ind2=" "><subfield code="a">006819137</subfield></datafield><datafield tag="DAT" ind1="0" ind2=" "><subfield code="a">20190719102639.0</subfield><subfield code="b">20190719000000.0</subfield></datafield><datafield tag="DAT" ind1="1" ind2=" "><subfield code="a">20190719090653.0</subfield><subfield code="b">2019-07-19T16:12:02Z</subfield></datafield><datafield tag="DAT" ind1="2" ind2=" "><subfield code="a">2015-10-02T18:00:03Z</subfield></datafield><datafield tag="CAT" ind1=" " ind2=" "><subfield code="a">SDR-MIU</subfield><subfield code="d">EX LIBRIS - ALEPH</subfield><subfield code="l">prepare.pl-004-008</subfield></datafield><datafield tag="FMT" ind1=" " ind2=" "><subfield code="a">BK</subfield></datafield><datafield tag="HOL" ind1=" " ind2=" "><subfield code="0">sdr-miu006819137</subfield><subfield code="a">MiU</subfield><subfield code="b">SDR</subfield><subfield code="c">MIU</subfield><subfield code="p">mdp.39015079130277</subfield><subfield code="s">MIU</subfield><subfield code="1">006819137</subfield></datafield><datafield tag="974" ind1=" " ind2=" "><subfield code="b">MIU</subfield><subfield code="c">MIU</subfield><subfield code="d">20190719</subfield><subfield code="s">lit-dlps-dc</subfield><subfield code="u">mdp.39015079130277</subfield><subfield code="y">1935</subfield><subfield code="r">ic-world</subfield><subfield code="q">man</subfield></datafield></record></collection>